
@article{beck_fast_2009,
	title = {A {Fast} {Iterative} {Shrinkage}-{Thresholding} {Algorithm} for {Linear} {Inverse} {Problems}},
	volume = {2},
	issn = {1936-4954},
	url = {http://epubs.siam.org/doi/10.1137/080716542},
	doi = {10.1137/080716542},
	abstract = {We consider the class of iterative shrinkage-thresholding algorithms (ISTA) for solving linear inverse problems arising in signal/image processing. This class of methods, which can be viewed as an extension of the classical gradient algorithm, is attractive due to its simplicity and thus is adequate for solving large-scale problems even with dense matrix data. However, such methods are also known to converge quite slowly. In this paper we present a new fast iterative shrinkage-thresholding algorithm (FISTA) which preserves the computational simplicity of ISTA but with a global rate of convergence which is proven to be signiÔ¨Åcantly better, both theoretically and practically. Initial promising numerical results for wavelet-based image deblurring demonstrate the capabilities of FISTA which is shown to be faster than ISTA by several orders of magnitude.},
	language = {en},
	number = {1},
	urldate = {2023-11-16},
	journal = {SIAM Journal on Imaging Sciences},
	author = {Beck, Amir and Teboulle, Marc},
	month = jan,
	year = {2009},
	pages = {183--202},
	file = {Beck and Teboulle - 2009 - A Fast Iterative Shrinkage-Thresholding Algorithm .pdf:/Users/hongdali/Zotero/storage/H7CGKLL3/Beck and Teboulle - 2009 - A Fast Iterative Shrinkage-Thresholding Algorithm .pdf:application/pdf},
}
